<?xml version="1.0" encoding="UTF-8"?>
<record xmlns="http://www.loc.gov/MARC21/slim">
  <leader>02064nam a2200301Ia 4500</leader>
  <controlfield tag="001">3637939</controlfield>
  <controlfield tag="005">20110217140200.0</controlfield>
  <controlfield tag="008">100128s1844    nyu     b     000 0 eng d</controlfield>
  <datafield tag="035" ind1=" " ind2=" ">
    <subfield code="a">(OCoLC)502259655</subfield>
  </datafield>
  <datafield tag="035" ind1=" " ind2=" ">
    <subfield code="a">ocn502259655</subfield>
  </datafield>
  <datafield tag="040" ind1=" " ind2=" ">
    <subfield code="a">MEU</subfield>
    <subfield code="c">MEU</subfield>
  </datafield>
  <datafield tag="049" ind1=" " ind2=" ">
    <subfield code="a">BRLL</subfield>
  </datafield>
  <datafield tag="099" ind1=" " ind2=" ">
    <subfield code="a">5574.57 no.2</subfield>
  </datafield>
  <datafield tag="100" ind1="1" ind2=" ">
    <subfield code="a">Smith, Gerrit,</subfield>
    <subfield code="d">1797-1874.</subfield>
  </datafield>
  <datafield tag="245" ind1="1" ind2="0">
    <subfield code="a">Constitutional argument against American slavery /</subfield>
    <subfield code="c">by Gerrit Smith.</subfield>
  </datafield>
  <datafield tag="246" ind1="1" ind2="6">
    <subfield code="a">Gerrit Smith&apos;s constitutional argument, against American slavery</subfield>
  </datafield>
  <datafield tag="246" ind1="3" ind2="0">
    <subfield code="a">Constitutional argument</subfield>
  </datafield>
  <datafield tag="246" ind1="1" ind2="0">
    <subfield code="a">Pamphlets. Slavery. Legal aspect. :</subfield>
    <subfield code="i">no.2</subfield>
  </datafield>
  <datafield tag="260" ind1=" " ind2=" ">
    <subfield code="a">Utica, N.Y. :</subfield>
    <subfield code="b">Jackson &amp; Chaplin,</subfield>
    <subfield code="c">1844.</subfield>
  </datafield>
  <datafield tag="300" ind1=" " ind2=" ">
    <subfield code="a">16 p. ;</subfield>
    <subfield code="c">19 cm.</subfield>
  </datafield>
  <datafield tag="500" ind1=" " ind2=" ">
    <subfield code="a">Cover title.</subfield>
  </datafield>
  <datafield tag="500" ind1=" " ind2=" ">
    <subfield code="a">A letter to John G. Whittier, July 18, 1844.</subfield>
  </datafield>
  <datafield tag="590" ind1=" " ind2=" ">
    <subfield code="a">Bound volume contains: 1. State of New York, in Supreme Court, Seth W. Benedict, ads. Daniel D. Nash / by Seth Williston Benedict. -- 2. Constitutional argument against american slavery / by Gerrit Smith. -- 3. Views of American Constitutional Law in its bearing upon american slavery / by William Goodell. -- 4. The Fugitive Slave Bill: its history and unconstitutionality... . -- 5. The Fugitive Slave Law and its victims. -- 6. A sketch of the laws relating to slavery... / by George M. Strout. -- 7. The duty of disobedience to the Fugitive Slave Act... / by L. Maria Child. -- 8. Speech of John Hossack convicted of a violation of the Fugitive Slave Law... . -- 9. Rights and duties of the United States relative to slavery under the laws of the war... / by David Lee Child. -- 10. The abolition of slavery: the right of the government under the war power. -- 11. The Law of Slavery in the United States / by Christian Charles Josias Bunsen. -- 12. The Commander-in-Chief... / by Grosvenor P. Lowrey. -- 13. Illegality of slavery / by Benjamin Shaw.</subfield>
  </datafield>
  <datafield tag="610" ind1="2" ind2="0">
    <subfield code="a">Liberty Party (U.S. : 1840-1848)</subfield>
  </datafield>
  <datafield tag="650" ind1=" " ind2="0">
    <subfield code="a">Antislavery movements</subfield>
    <subfield code="z">United States.</subfield>
  </datafield>
  <datafield tag="650" ind1=" " ind2="0">
    <subfield code="a">Slavery</subfield>
    <subfield code="x">Law and legislation</subfield>
    <subfield code="z">United States.</subfield>
  </datafield>
  <datafield tag="700" ind1="1" ind2=" ">
    <subfield code="a">Whittier, John Greenleaf,</subfield>
    <subfield code="d">1807-1892.</subfield>
  </datafield>
  <datafield tag="994" ind1=" " ind2=" ">
    <subfield code="a">C0</subfield>
    <subfield code="b">BRL</subfield>
  </datafield>
</record>
